@inproceedings{chen2016xgboost,
  title={Xgboost: A scalable tree boosting system},
  author={Chen, Tianqi and Guestrin, Carlos},
  booktitle={Proceedings of the 22nd acm sigkdd international conference on knowledge discovery and data mining},
  pages={785--794},
  year={2016}
}

@book{weka_book,
  author = {Ian H. Witten and Eibe Frank and Mark A. Hall},
  title = {Data Mining: Practical Machine Learning Tools and Techniques},
  publisher = {Morgan Kaufmann},
  year = 2011,
  address = {Burlington, MA},
  edition = 3,
  http = {http://www.cs.waikato.ac.nz/~ml/weka/book.html}
}